<?xml version="1.0" encoding="UTF-8"?><collection xmlns="http://www.loc.gov/MARC21/slim"><record><leader>00478nam--2200157-i-4500</leader><controlfield tag="001">000017816</controlfield><controlfield tag="002">20161230</controlfield><controlfield tag="005">20161230201032</controlfield><controlfield tag="008">060222s1000------------r-----000-0-eng-d</controlfield><datafield ind1=" " ind2=" " tag="080"><subfield code="a">519.83</subfield></datafield><datafield ind1=" " ind2=" " tag="100"><subfield code="a">Aubin, Jean Pierre</subfield></datafield><datafield ind1=" " ind2=" " tag="245"><subfield code="a">Mathematicals methods of game and economic theory</subfield></datafield><datafield ind1=" " ind2=" " tag="260"><subfield code="a">Amsterdam, North Holland Publishing Comp., 1979 Xxxii + 619 P</subfield></datafield><datafield ind1=" " ind2=" " tag="490"><subfield code="a">Studies In Mathematics And Its Applications</subfield><subfield code="v">vol.7</subfield></datafield><datafield ind1=" " ind2=" " tag="852"><subfield code="a">46658</subfield></datafield><datafield ind1=" " ind2=" " tag="CAT"><subfield code="a">Sys</subfield><subfield code="c">20081217</subfield><subfield code="h">084441</subfield></datafield></record></collection>